<?xml version="1.0" encoding="UTF-8"?><collection xmlns="http://www.loc.gov/MARC21/slim"><record><leader>00421nam--2200145-i-4500</leader><controlfield tag="001">000008003</controlfield><controlfield tag="002">20161230</controlfield><controlfield tag="005">20161230201027</controlfield><controlfield tag="008">060222s1000------------r-----000-0-eng-d</controlfield><datafield ind1=" " ind2=" " tag="080"><subfield code="a">512.831:53:530.145.6</subfield></datafield><datafield ind1=" " ind2=" " tag="100"><subfield code="a">Blaquiere, A</subfield></datafield><datafield ind1=" " ind2=" " tag="245"><subfield code="a">Calcul matriciel. tome ii - application a la mecanique quantique</subfield></datafield><datafield ind1=" " ind2=" " tag="260"><subfield code="a">Paris, Classiques Hachette, 1960. 240 P</subfield></datafield><datafield ind1=" " ind2=" " tag="852"><subfield code="a">16377</subfield><subfield code="c">512.831</subfield></datafield><datafield ind1=" " ind2=" " tag="CAT"><subfield code="a">Sys</subfield><subfield code="c">20080520</subfield><subfield code="h">151202</subfield></datafield></record></collection>